<?xml version="1.0" encoding="UTF-8"?><collection xmlns="http://www.loc.gov/MARC21/slim"><record><leader>00400nam--2200157-i-4500</leader><controlfield tag="001">000012766</controlfield><controlfield tag="002">20161230</controlfield><controlfield tag="005">20170103011555</controlfield><controlfield tag="008">060222s1000------------r-----000-0-eng-d</controlfield><datafield ind1=" " ind2=" " tag="080"><subfield code="a">523.9-7: 577.355.4</subfield></datafield><datafield ind1=" " ind2=" " tag="245"><subfield code="a">Biological solar energy conversion</subfield></datafield><datafield ind1=" " ind2=" " tag="260"><subfield code="a">New York</subfield><subfield code="b">Academic Press</subfield><subfield code="c">1977</subfield></datafield><datafield ind1=" " ind2=" " tag="300"><subfield code="a">XIII +454 p</subfield></datafield><datafield ind1=" " ind2=" " tag="700"><subfield code="a">Akira, Mitsui</subfield></datafield><datafield ind1=" " ind2=" " tag="852"><subfield code="a">45864</subfield></datafield><datafield ind1=" " ind2=" " tag="CAT"><subfield code="a">SYS</subfield><subfield code="c">20170103</subfield><subfield code="h">011555</subfield></datafield></record></collection>